<?xml version="1.0" encoding="UTF-8"?><record xmlns="http://www.loc.gov/MARC21/slim" xmlns:cinclude="http://apache.org/cocoon/include/1.0" xmlns:zs="http://www.loc.gov/zing/srw/">
  <leader>00443cz  a2200133n  4500</leader>
  <controlfield tag="001">n  86049258 </controlfield>
  <controlfield tag="003">DLC</controlfield>
  <controlfield tag="005">20080414075117.0</controlfield>
  <controlfield tag="008">870619n| acannaabn          |n aaa     c</controlfield>
  <datafield tag="010" ind1=" " ind2=" ">
    <subfield code="a">n  86049258 </subfield>
  </datafield>
  <datafield tag="035" ind1=" " ind2=" ">
    <subfield code="a">(OCoLC)oca01880296</subfield>
  </datafield>
  <datafield tag="040" ind1=" " ind2=" ">
    <subfield code="a">NjP</subfield>
    <subfield code="b">eng</subfield>
    <subfield code="c">DLC</subfield>
    <subfield code="d">OCoLC</subfield>
  </datafield>
  <datafield tag="100" ind1="1" ind2=" ">
    <subfield code="a">Hoffmann, Hans Ruprecht,</subfield>
    <subfield code="d">1545-1616</subfield>
  </datafield>
  <datafield tag="670" ind1=" " ind2=" ">
    <subfield code="a">Balke, F. UĚber die Werke des Kurtrierischen Bildhauers Hans Ruprecht Hoffmann, 1916:</subfield>
    <subfield code="b">p. 92 (b. 1545) p. 98 (d. July 1616)</subfield>
  </datafield>
</record>